@misc{mccarthy2020,
  author = {John Benjamin McCarthy},
  title = {Introduction to Higgs Bundles},
  year = {2020},
  url = {https://www.ma.imperial.ac.uk/~jbm18/introductiontohiggsbundles.pdf}
}

@misc{neitzke2021,
  author = {Andrew Neitzke},
  title = {Moduli of Higgs Bundles},
  year = {2021},
  url = {https://gauss.math.yale.edu/~an592/exports/higgs-bundles.pdf}
}

@misc{bejleri2020,
  author = {Dori Bejleri},
  title = {Moduli Spaces in Algebraic Geometry},
  year = {2020},
  url = {https://people.math.harvard.edu/~bejleri/teaching/math259xfa19/math259x_fullnotes.pdf}
}

@article{hitchin1986,
  author = {Hitchin, N. J.},
  title = {The Self-Duality Equations on a Riemann Surface},
  journal = {Proceedings of the London Mathematical Society},
  volume = {s3-55},
  number = {1},
  pages = {59-126},
  doi = {https://doi.org/10.1112/plms/s3-55.1.59},
  url = {https://londmathsoc.onlinelibrary.wiley.com/doi/abs/10.1112/plms/s3-55.1.59},
  eprint = {https://londmathsoc.onlinelibrary.wiley.com/doi/pdf/10.1112/plms/s3-55.1.59},
  year = {1987}
}

@misc{bradlow2007,
  author = {Steven B. Bradlow and Oscar Garc\'ia-Prada and Peter B. Gothen},
  title = {What is... a Higgs bundle?},
  year = {2007},
  url = {https://www.ams.org/notices/200708/tx070800980p.pdf}
}
