@misc{karsten2017,
  author = {Eric Karsten},
  title = {Brouwerâ€™s Fixed Point Theorem and the Nash
Theorem},
  year = {2017},
  url = {https://math.uchicago.edu/~may/REU2017/REUPapers/Karsten.pdf}
}

@misc{hitchin2014,
  author = {Nigel Hitchin},
  title = {DIFFERENTIABLE MANIFOLDS},
  year = {2014},
  url = {https://courses.maths.ox.ac.uk/pluginfile.php/95131/mod_resource/content/1/Manifold_notes.pdf}
}

@misc{joyce2023,
  author = {Dominic Joyce},
  title = {C3.3 Differentiable Manifolds},
  year = {2023},
  url = {https://courses.maths.ox.ac.uk/pluginfile.php/95132/mod_resource/content/12/C3.3%20MT%2022%20Lectures%201-16.pdf}
}

@misc{lotay2021,
  author = {Jason D. Lotay},
  title = {C3.3 Differentiable Manifolds},
  year = {2021},
  url = {https://courses.maths.ox.ac.uk/pluginfile.php/95133/mod_resource/content/6/dm2122.pdf}
}

@book{bott1982,
    author = {Bott, Raoul and Tu, Loring W.},
    title = "{Differential Forms in Algebraic Topology}",
    publisher = {Springer-Verlag},
    year = {1982},
}
