@book{griffiths1994,
  author        = "Griffiths, Phillip A and Harris, Joseph",
  title         = "{Principles of algebraic geometry}",
  publisher     = "Wiley",
  address       = "New York, NY",
  series        = "Wiley classics library",
  year          = "1994",
  howpublished  = {\url{https://cds.cern.ch/record/433962}},
}
@book{gortz2010,
   title =     {Algebraic geometry 1: Schemes},
   author =    {Ulrich Gortz and Torsten Wedhorn},
   publisher = {Amer Mathematical Society},
   isbn =      {3834806765,9783834806765},
   year =      {2010},
   series =    {Vieweg Advanced Lectures in Mathematics},
   edition =   {},
   volume =    {},
   url =       {http://gen.lib.rus.ec/book/index.php?md5=0fca904fe1edae29fc67319b7a70c8c9}
}
@misc{harris2011,
  title = {Geometry of Algebraic Curves},
  author = {Joe Harris and Akhil Mathew},
  year = {2011},
  howpublished = {\url{https://math.uchicago.edu/~amathew/287y.pdf}},
}
