@book{heunen2019,
    author = {Heunen, Chris and Vicary, Jamie},
    title = "{Categories for Quantum Theory: An Introduction}",
    publisher = {Oxford University Press},
    year = {2019},
    month = {11},
    isbn = {9780198739623},
    doi = {10.1093/oso/9780198739623.001.0001},
    url = {https://doi.org/10.1093/oso/9780198739623.001.0001},
}

@article{jacobs2018,
  author       = {Bart Jacobs and
                  Aleks Kissinger and
                  Fabio Zanasi},
  title        = {Causal Inference by String Diagram Surgery},
  journal      = {CoRR},
  volume       = {abs/1811.08338},
  year         = {2018},
  url          = {http://arxiv.org/abs/1811.08338},
  eprinttype    = {arXiv},
  eprint       = {1811.08338},
  timestamp    = {Mon, 26 Nov 2018 12:52:45 +0100},
  biburl       = {https://dblp.org/rec/journals/corr/abs-1811-08338.bib},
  bibsource    = {dblp computer science bibliography, https://dblp.org}
}

  @article{allen2017,
	doi = {10.1103/physrevx.7.031021},
	url = {https://doi.org/10.1103%2Fphysrevx.7.031021},
	year = 2017,
	month = {jul},
	publisher = {American Physical Society ({APS})},
	volume = {7},
	number = {3},
  author = {John-Mark A. Allen and Jonathan Barrett and Dominic C. Horsman and
            Ciar{\'{a}}n M. Lee and Robert W. Spekkens},
	title = {Quantum Common Causes and Quantum Causal Models},
	journal = {Physical Review X}
}
